@article{objtrackingsurvey,
	author = {Yilmaz, Alper and Javed, Omar and Shah, Mubarak},
	title = {Object Tracking: A Survey},
	year = {2006},
	issue_date = {2006},
	publisher = {Association for Computing Machinery},
	address = {New York, NY, USA},
	volume = {38},
	number = {4},
	issn = {0360-0300},
	url = {https://doi.org/10.1145/1177352.1177355},
	doi = {10.1145/1177352.1177355},
	journal = {ACM Comput. Surv.},
	month = {dec},
	pages = {13â€“es},
	numpages = {45},
}
@article{sort,
	title={Simple online and realtime tracking},
	url={http://dx.doi.org/10.1109/ICIP.2016.7533003},
	DOI={10.1109/icip.2016.7533003},
	journal={2016 IEEE International Conference on Image Processing (ICIP)},
	publisher={IEEE},
	author={Bewley, Alex and Ge, Zongyuan and Ott, Lionel and Ramos, Fabio and Upcroft, Ben},
	year={2016},
	month={Sep}
}
@misc{deepsort,
	title={Simple Online and Realtime Tracking with a Deep Association Metric}, 
	author={Nicolai Wojke and Alex Bewley and Dietrich Paulus},
	year={2017},
	eprint={1703.07402},
	archivePrefix={arXiv},
	primaryClass={cs.CV}
}

@inproceedings{Wojke2018deep,
	title={Deep Cosine Metric Learning for Person Re-identification},
	author={Wojke, Nicolai and Bewley, Alex},
	booktitle={2018 IEEE Winter Conference on Applications of Computer Vision (WACV)},
	year={2018},
	pages={748--756},
	organization={IEEE},
	doi={10.1109/WACV.2018.00087}
}

@misc{luiten2020trackeval,
	author =       {Jonathon Luiten, Arne Hoffhues},
	title =        {TrackEval},
	howpublished = {\url{https://github.com/JonathonLuiten/TrackEval}},
	year =         {2020}
}

@article{dendorfer2020motchallenge,
	title={MOTChallenge: A Benchmark for Single-camera Multiple Target Tracking},
	author={Dendorfer, Patrick and Osep, Aljosa and Milan, Anton and Schindler, Konrad and Cremers, Daniel and Reid, Ian and Roth, Stefan and Leal-Taix{\'e}, Laura},
	journal={International Journal of Computer Vision},
	pages={1--37},
	year={2020},
	publisher={Springer}
}

@article{MOT16,
	title = {{MOT}16: {A} Benchmark for Multi-Object Tracking},
	shorttitle = {MOT16},
	url = {http://arxiv.org/abs/1603.00831},
	journal = {arXiv:1603.00831 [cs]},
	author = {Milan, A. and Leal-Taix\'{e}, L. and Reid, I. and Roth, S. and Schindler, K.},
	month = mar,
	year = {2016},
	note = {arXiv: 1603.00831},
	keywords = {Computer Science - Computer Vision and Pattern Recognition}
}

@article{luiten2020IJCV,
	title={HOTA: A Higher Order Metric for Evaluating Multi-Object Tracking},
	author={Luiten, Jonathon and Osep, Aljosa and Dendorfer, Patrick and Torr, Philip and Geiger, Andreas and Leal-Taix{\'e}, Laura and Leibe, Bastian},
	journal={International Journal of Computer Vision},
	pages={1--31},
	year={2020},
	publisher={Springer}
}


@misc{yolov5impl,
	author =       {Jonathon Luiten, Arne Hoffhues},
	title =        {YOLOv5},
	howpublished = {\url{https://github.com/ultralytics/yolov5}},
	year =         {2020}
}